<?xml version="1.0" encoding="UTF-8"?><collection xmlns="http://www.loc.gov/MARC21/slim"><record><leader>00347nam--2200133-i-4500</leader><controlfield tag="001">000011191</controlfield><controlfield tag="002">20161230</controlfield><controlfield tag="005">20170221014705</controlfield><controlfield tag="008">060222s1000------------r-----000-0-eng-d</controlfield><datafield ind1=" " ind2=" " tag="245"><subfield code="a">Dictionar de matematici generale</subfield></datafield><datafield ind1=" " ind2=" " tag="260"><subfield code="a">Bucuresti</subfield><subfield code="b">Ed.Encicl.Rom</subfield><subfield code="c">1974</subfield></datafield><datafield ind1=" " ind2=" " tag="300"><subfield code="a">316 p</subfield></datafield><datafield ind1=" " ind2=" " tag="852"><subfield code="a">51(038)=590:801.323.1=590</subfield></datafield><datafield ind1=" " ind2=" " tag="CAT"><subfield code="a">SYS</subfield><subfield code="c">20170221</subfield><subfield code="h">014705</subfield></datafield></record></collection>